<record><leader>00000cas a2200000 a 4500</leader><controlfield tag="001">11217092</controlfield><controlfield tag="008">841001d18611931caudn ne      0    0eng c</controlfield><datafield ind1=" " ind2=" " tag="010"><subfield code="a">sn 84031648 </subfield></datafield><datafield ind1=" " ind2=" " tag="040"><subfield code="a">NYG</subfield><subfield code="b">eng</subfield><subfield code="c">NYG</subfield><subfield code="d">NPX</subfield><subfield code="d">DLC</subfield><subfield code="d">CNK</subfield><subfield code="d">OCL</subfield><subfield code="d">CRL</subfield><subfield code="d">CNK</subfield><subfield code="d">OCLCQ</subfield><subfield code="d">OCLCF</subfield></datafield><datafield ind1="1" ind2=" " tag="029"><subfield code="a">AU@</subfield><subfield code="b">000020232492</subfield></datafield><datafield ind1=" " ind2=" " tag="042"><subfield code="a">pcc</subfield></datafield><datafield ind1=" " ind2=" " tag="043"><subfield code="a">n-us-ca</subfield></datafield><datafield ind1="0" ind2="0" tag="050"><subfield code="a">Newspaper 7114-X</subfield></datafield><datafield ind1="0" ind2="0" tag="245"><subfield code="a">Stockton daily independent.</subfield></datafield><datafield ind1="1" ind2="3" tag="246"><subfield code="a">Stockton independent</subfield></datafield><datafield ind1=" " ind2=" " tag="260"><subfield code="a">Stockton [Calif.] :</subfield><subfield code="b">Armor &amp; Clayes</subfield></datafield><datafield ind1=" " ind2=" " tag="300"><subfield code="a">v. :</subfield><subfield code="b">ill. (chiefly adv.) ;</subfield><subfield code="c">60 cm.</subfield></datafield><datafield ind1=" " ind2=" " tag="310"><subfield code="a">Daily (except Sun.)</subfield></datafield><datafield ind1="0" ind2=" " tag="362"><subfield code="a">Vol. 1, no. 1 (Aug. 1, 1861)-v. 140, no. 18 (Feb. 21, 1931).</subfield></datafield><datafield ind1=" " ind2=" " tag="500"><subfield code="a">"Daily" appears over the masthead ornament, July 14, 1865.</subfield></datafield><datafield ind1=" " ind2=" " tag="500"><subfield code="a">Publishers: O.M. Clayes &amp; Co., &lt;1865&gt;; N.M. Orr, &lt;1876&gt;</subfield></datafield><datafield ind1=" " ind2=" " tag="530"><subfield code="a">Master negatives are available for duplication from:</subfield><subfield code="b">California Newspaper Microfilm Archive;</subfield><subfield code="c">positive copies may be purchased by the reel; for further information consult the CNMA at:</subfield><subfield code="u">http://cbsr.ucr.edu</subfield></datafield><datafield ind1=" " ind2="0" tag="651"><subfield code="a">Stockton (Calif.)</subfield><subfield code="v">Newspapers.</subfield></datafield><datafield ind1=" " ind2="7" tag="655"><subfield code="a">Newspapers.</subfield><subfield code="2">fast</subfield><subfield code="0">(OCoLC)fst01423814</subfield></datafield><datafield ind1=" " ind2="7" tag="651"><subfield code="a">California</subfield><subfield code="z">Stockton.</subfield><subfield code="2">fast</subfield><subfield code="0">(OCoLC)fst01206576</subfield></datafield><datafield ind1=" " ind2=" " tag="752"><subfield code="a">United States</subfield><subfield code="b">California</subfield><subfield code="c">San Joaquin</subfield><subfield code="d">Stockton.</subfield></datafield><datafield ind1="0" ind2=" " tag="775"><subfield code="t">Stockton weekly independent</subfield><subfield code="w">(DLC)sn 85025142</subfield></datafield><datafield ind1="0" ind2=" " tag="775"><subfield code="t">Weekly independent (Stockton, Calif.)</subfield><subfield code="w">(DLC)sn 98061086</subfield></datafield><datafield ind1="0" ind2="0" tag="780"><subfield code="t">San Andreas independent</subfield><subfield code="w">(DLC)sn 85025090</subfield></datafield><datafield ind1="0" ind2="0" tag="785"><subfield code="t">Stockton independent</subfield><subfield code="w">(DLC)sn 93053139</subfield></datafield></record>